@book{isham,
    title={Modern Differential Geometry for Physicists},
    author={Isham, C.J.},
    edition={2},
    isbn={9789810235628},
    lccn={98053245},
    series={World Scientific lecture notes in physics},
    year={1999},
    publisher={World Scientific}
  }

@book{ghrist,
  title={Calculus BLUE Multivariable Volume 2: Derivatives},
  author={Ghrist, R.},
  edition={3},
  publisher={Agenbyte Press},
  year={2016},
  url={https://www.amazon.com/Calculus-BLUE-Multivariable-2-Derivatives-ebook/dp/B01BNSZG10}
  }

@online{ghrist-youtube,
 author  = {Ghrist, R.},
 title   = {Calculus BLUE Multivariable Volume 2: Derivatives (Youtube Playlist)},
 date   = {2019},
 url     = {https://www.youtube.com/watch?v=HS0mivVKLyo&list=PL8erL0pXF3JZZTnqjginERYYEi1WpLE_V}
}

@book{lee,        
title = {Introduction to Smooth Manifolds},
series = {Graduate Texts in Mathematics},
publisher = {Springer New York},
author = {Lee, J. M.},
date = {2012},
doi = {10.1007/978-1-4419-9982-5}
}

@online{montgomery,
author = {Montgomery, R.},
title = {Tangent Vectors: Three or Four Definitions},
date   = {2016},
url = {https://people.ucsc.edu/~rmont/classes/ManifoldsI/Lectures/TangentSpace.pdf}
}

@online{parzygnat,
author = {Parzygnat, A.},
title = {Analysis II 2017 (Youtube Playlist)},
date  = {2017},
url = {https://www.youtube.com/playlist?list=PLSx1kJDjrLRSBmBeM7NEeKBE5_nEFcKXH}
}

@online{schuller,
author = {Schuller, F.},
title = {The WE-Heraeus International Winter School on Gravity and Light (Youtube Playlist)},
date  = {2015},
url = {https://www.youtube.com/playlist?list=PLFeEvEPtX_0S6vxxiiNPrJbLu9aK1UVC_}
}

@book{spivak,
  title={Calculus on Manifolds: A Modern Approach to Classical Theorems of Advanced Calculus},
  author={Spivak, M.},
  isbn={9780805390216},
  lccn={66010910},
  year={1965},
  publisher={Avalon Publishing}
}

@online{XylyXylyX,
author = {{XylyXylyX}},
title = {What is a Manifold? (Youtube Playlist)},
date  = {2017},
url = {https://www.youtube.com/playlist?list=PLRlVmXqzHjUQHEx63ZFxV-0Ortgf-rpJo}
}